@article {GMM2010,
    AUTHOR = {Grillakis, Manoussos G. and Machedon, Matei and Margetis,
              Dionisios},
     TITLE = {Second-order corrections to mean field evolution of weakly
              interacting bosons. {I}},
   JOURNAL = {Comm. Math. Phys.},
  FJOURNAL = {Communications in Mathematical Physics},
    VOLUME = {294},
      YEAR = {2010},
    NUMBER = {1},
     PAGES = {273--301},
      ISSN = {0010-3616},
     CODEN = {CMPHAY},
   MRCLASS = {81V70 (82C10)},
  MRNUMBER = {2575484 (2011j:81374)},
MRREVIEWER = {H. Hogreve},
       DOI = {10.1007/s00220-009-0933-y},
       URL = {http://dx.doi.org/10.1007/s00220-009-0933-y},
}

@article {RS2009,
    AUTHOR = {Rodnianski, Igor and Schlein, Benjamin},
     TITLE = {Quantum fluctuations and rate of convergence towards mean
              field dynamics},
   JOURNAL = {Comm. Math. Phys.},
  FJOURNAL = {Communications in Mathematical Physics},
    VOLUME = {291},
      YEAR = {2009},
    NUMBER = {1},
     PAGES = {31--61},
      ISSN = {0010-3616},
     CODEN = {CMPHAY},
   MRCLASS = {82C10},
  MRNUMBER = {2530155 (2011d:82059)},
MRREVIEWER = {Masahito Ohta},
       DOI = {10.1007/s00220-009-0867-4},
       URL = {http://dx.doi.org/10.1007/s00220-009-0867-4},
}

@article {ESY2006,
    AUTHOR = {Erd{\H{o}}s, L{\'a}szl{\'o} and Schlein, Benjamin and Yau,
              Horng-Tzer},
     TITLE = {Derivation of the {G}ross-{P}itaevskii hierarchy for the
              dynamics of {B}ose-{E}instein condensate},
   JOURNAL = {Comm. Pure Appl. Math.},
  FJOURNAL = {Communications on Pure and Applied Mathematics},
    VOLUME = {59},
      YEAR = {2006},
    NUMBER = {12},
     PAGES = {1659--1741},
      ISSN = {0010-3640},
     CODEN = {CPAMA},
   MRCLASS = {82C10 (35Q55 47N55)},
  MRNUMBER = {2257859 (2007k:82070)},
MRREVIEWER = {Barbara Prinari},
       DOI = {10.1002/cpa.20123},
       URL = {http://dx.doi.org/10.1002/cpa.20123},
}

@article {ESY2010,
    AUTHOR = {Erd{\H{o}}s, L{\'a}szl{\'o} and Schlein, Benjamin and Yau,
              Horng-Tzer},
     TITLE = {Derivation of the {G}ross-{P}itaevskii equation for the
              dynamics of {B}ose-{E}instein condensate},
   JOURNAL = {Ann. of Math. (2)},
  FJOURNAL = {Annals of Mathematics. Second Series},
    VOLUME = {172},
      YEAR = {2010},
    NUMBER = {1},
     PAGES = {291--370},
      ISSN = {0003-486X},
     CODEN = {ANMAAH},
   MRCLASS = {82C10 (35Q55 81V70)},
  MRNUMBER = {2680421 (2011g:82068)},
MRREVIEWER = {R{\'e}mi Carles},
       DOI = {10.4007/annals.2010.172.291},
       URL = {http://dx.doi.org/10.4007/annals.2010.172.291},
}

@article {KT,
    AUTHOR = {Keel, Markus and Tao, Terence},
     TITLE = {Endpoint {S}trichartz estimates},
   JOURNAL = {Amer. J. Math.},
  FJOURNAL = {American Journal of Mathematics},
    VOLUME = {120},
      YEAR = {1998},
    NUMBER = {5},
     PAGES = {955--980},
      ISSN = {0002-9327},
     CODEN = {AJMAAN},
   MRCLASS = {35B45 (35L70 35Q55)},
  MRNUMBER = {1646048 (2000d:35018)},
MRREVIEWER = {John Albert},
       URL =
              {http://muse.jhu.edu/journals/american_journal_of_mathematics/v120/120.5keel.pdf},
}
